@book{Principia,
  author    = {Isaac Newton},
  title     = {Principia Mathematica Philosophiae Naturalis},
  year      = {1687},
  note      = {Eng: \textit{The Principia: Mathematical Principles of Natural Philosophy} (University of California Press, 1999)}
}

@book{PrincipleR,
  author    = {Albert Einstein and others},
  title     = {The Principle of Relativity},
  year      = {1958},
  publisher = {Dover},
  address   = {New York}
}

@article{Brans-Dicke,
  author    = {C. H. Brans and R. H. Dicke},
  title     = {Mach's principle and a relativistic theory of gravitation},
  journal   = {Physical Review},
  volume    = {124},
  pages     = {925--935},
  year      = {1961}
}

@article{Bhabra,
  author    = {A. Bhabra and K. Sarkar},
  title     = {On static spherically symmetric solutions of the vacuum Brans-Dicke theory},
  journal   = {General Relativity and Gravitation},
  volume    = {37},
  pages     = {2189--2199},
  year      = {2005}
}

@article{Will-thesis,
  author    = {C. M. Will},
  title     = {The confrontation between general relativity and experiment},
  journal   = {Living Reviews in Relativity},
  volume    = {17},
  number    = {4},
  year      = {2014}
}

@book{Will18,
  author    = {Clifford M. Will},
  title     = {Theory and Experiment in Gravitational Physics},
  year      = {2018},
  publisher = {Cambridge University Press},
  address   = {Cambridge}
}

@book{Ohanian,
  author    = {Hans C. Ohanian and Remo Ruffini},
  title     = {Gravitation and Spacetime},
  edition   = {3},
  year      = {2013},
  publisher = {Cambridge University Press},
  address   = {Cambridge}
}

@book{Weinberg,
  author    = {Steven Weinberg},
  title     = {Gravitation and Cosmology: Principles and Applications of the General Theory of Relativity},
  year      = {1971},
  publisher = {Wiley}
}

@book{Parrott,
  author    = {Stephen Parrott},
  title     = {Relativistic Electrodynamics and Differential Geometry},
  year      = {1987},
  publisher = {Springer},
  address   = {Berlin}
}